@inproceedings{petrie2004tension,
	title={Tension, what tension?: Website accessibility and visual design},
	author={Petrie, Helen and Hamilton, Fraser and King, Neil},
	booktitle={Proceedings of the 2004 international cross-disciplinary workshop on Web accessibility (W4A)},
	pages={13--18},
	year={2004},
	organization={ACM}
}

@article{lee2012understanding,
	title={Understanding of website usability: Specifying and measuring constructs and their relationships},
	author={Lee, Younghwa and Kozar, Kenneth A},
	journal={Decision support systems},
	volume={52},
	number={2},
	pages={450--463},
	year={2012},
	publisher={Elsevier}
}

@article{world2008web,
	title={Web content accessibility guidelines (WCAG) 2.0},
	author={World Wide Web Consortium and others},
	year={2008},
	publisher={World Wide Web Consortium}
}

@book{rogers2011interaction,
	title={Interaction design: beyond human-computer interaction},
	author={Rogers, Yvonne and Sharp, Helen and Preece, Jenny},
	year={2011},
	publisher={John Wiley \& Sons}
}

@book{DBLP:books/lib/Nielsen00,
	author    = {Jakob Nielsen},
	title     = {Designing web usability},
	publisher = {New Riders Publ.},
	year      = {2000},
	url       = {http://www.worldcat.org/oclc/43116529},
	isbn      = {156205810X},
	timestamp = {Wed, 26 Apr 2017 17:48:08 +0200},
	biburl    = {http://dblp.org/rec/bib/books/lib/Nielsen00},
	bibsource = {dblp computer science bibliography, http://dblp.org}
}




@article{leavitt2006based,
	title={Based Web Design \& Usability Guidelines},
	author={Leavitt, Michael O and Shneiderman, Ben},
	year={2006},
	publisher={US Department of Health and Human Services Washington, DC.}
}